% -----------------------------------------------------------------------
% File: CogSci_Template.bib
% -----------------------------------------------------------------------

% Modified : Eli M. Silk (esilk at pitt.edu)            05/24/2005
% Modified : David Noelle (dnoelle at ucmerced.edu)     11/19/2014


@article{gweon2021inferential,
  title={Inferential social learning: Cognitive foundations of human social learning and teaching},
  author={Gweon, Hyowon},
  journal={Trends in Cognitive Sciences},
  volume={25},
  number={10},
  pages={896--910},
  year={2021},
  publisher={Elsevier}
}

% -----------------------------------------------------------------------
% Document End
% -----------------------------------------------------------------------
